<record><leader>00000cas a22000007a 4500</leader><controlfield tag="001">9607592</controlfield><controlfield tag="008">830615d19231923ohuwr ne      0    0eng d</controlfield><datafield ind1=" " ind2=" " tag="010"><subfield code="a">sn 83035219 </subfield></datafield><datafield ind1=" " ind2=" " tag="040"><subfield code="a">NPY</subfield><subfield code="b">eng</subfield><subfield code="c">NPY</subfield><subfield code="d">OCLCQ</subfield></datafield><datafield ind1=" " ind2=" " tag="042"><subfield code="a">msc</subfield></datafield><datafield ind1="0" ind2="0" tag="245"><subfield code="a">Pictorial standard news.</subfield></datafield><datafield ind1="1" ind2="7" tag="246"><subfield code="a">Standard news</subfield></datafield><datafield ind1="3" ind2="0" tag="246"><subfield code="a">Ashtabula standard news</subfield></datafield><datafield ind1=" " ind2=" " tag="260"><subfield code="a">Ashtabula, Ohio :</subfield><subfield code="b">Standard Pub. Co.,</subfield><subfield code="c">1923.</subfield></datafield><datafield ind1=" " ind2=" " tag="300"><subfield code="a">v. :</subfield><subfield code="b">ill. ;</subfield><subfield code="c">41 cm.</subfield></datafield><datafield ind1=" " ind2=" " tag="310"><subfield code="a">Weekly</subfield></datafield><datafield ind1="0" ind2=" " tag="362"><subfield code="a">Vol. 47 [i.e. 46], no. 1 (Jan. 21, 1923)-</subfield></datafield><datafield ind1="1" ind2=" " tag="362"><subfield code="a">Ceased in Apr., 1923.</subfield></datafield><datafield ind1=" " ind2=" " tag="500"><subfield code="a">Sometimes published as: Ashtabula standard news.</subfield></datafield><datafield ind1=" " ind2=" " tag="515"><subfield code="a">The first no. of the run is designated v. 47, all others are v. 46, thus repeating numbering already used by its predecessor, the Ashtabula standard.</subfield></datafield><datafield ind1=" " ind2=" " tag="752"><subfield code="a">United States</subfield><subfield code="b">Ohio</subfield><subfield code="c">Ashtabula</subfield><subfield code="d">Ashtabula.</subfield></datafield><datafield ind1="0" ind2="0" tag="780"><subfield code="t">Ashtabula standard</subfield><subfield code="w">(DLC)sn 83035218</subfield></datafield></record>